
@misc {OverleafBibliographyManagement,
   url = {https://www.overleaf.com/learn/latex/Bibliography_management_with_bibtex},
   year = {2025},
   title = {Bibliography Management with bibtex},
   author = {Overleaf},
   note = {accessed 2025-02-11},
}

@misc {WikipediaBibtex,
   url = {https://en.wikipedia.org/wiki/BibTeX},
   year = {2025},
   title = {BibTeX},
   author = {Wikipedia},
   note = {accessed 2025-02-11},
}

@article {AlAnsiAnalyzingAugmented2023,
    author = {Abdullah M. Al-Ansi and Mohammed Jaboob and Askar Garad and Ahmed Al-Ansi},
    title = {Analyzing augmented reality (AR) and virtual reality (VR) recent development in education},
    journal = {Social Sciences & Humanities Open},
    volume = {8},
    number = {1},
    year = {2023},
}

@inproceedings {GaoTetris2017,
    author = {Minyu Gao and Jing Pu and Xuan Yang and Mark Horowitz and Christos Kozyrakis},
    title = {TETRIS: Scalable and efficient neural network acceleration with 3D memory},
    booktitle = {Proceedings of the Twenty-Second International Conference on Architectural Support for Programming Languages and Operating Systems},
    year = {2017},
}

@phdthesis {KuszmaulRandomizedDataStructures2023,
    author = {William Kuszmaul},
    title = {Randomized data structures: New perspectives and hidden surprises},
    school = {Massachusetts Institute of Technology. Department of Electrical Engineering and Computer Science},
    year = {2023},
}

@article {BoultonSyntheticData2025,
    author = {Clint Boulton},
    title = {Can synthetic data help us scale AI's data wall?},
    journal = {The Next Platform},
    year = {2025},
    url = {https://www.nextplatform.com/2025/01/16/can-synthetic-data-help-us-scale-ais-data-wall/},
}

@book {PruksachatkunTrustworthyML,
    author = {Yada Pruksachatkun and Matthew Mcateer and Subho Majumdar},
    title = {Practicing trustworthy machine learning: consistent, transparent, and fair AI pipelines},
    publisher = {O'Reilly Media},
    year = {2023},
}

@incollection {HiragaNintendoWiiExercise2024,
    author = {Cynthia Y. Hiraga and Maria G.M. Tonello and Marcela C. Ferracioli-Gama and Ana M. Pellegrini},
    title = {Contribution of virtual reality (Nintendo Wii) for exercise training and rehabilitation},
    booktitle = {Locomotion and posture in older adults},
    publisher = {Cham Springer},
    year = {2024},
}

@misc {YoutubeQuantumComputers2024,
    author = {DW Documentary},
    title = {New quantum computers - Potential and pitfalls},
    year = {2024},
    url = {https://www.youtube.com/watch?v=0HFzTYlhT2E},
}

@misc {TwilioTechDocs,
    author = {Twilio},
    title = {Programmable messaging},
    url = {https://www.twilio.com/docs/messaging},
    note = {accessed 2025-02-26},
    year = {2025},
}